@article{ieee139120,
	author = {Fred L. Walls and Jean-Jacques Gagnepain},
	doi = {10.1109/58.139120},
	issn = {0885-3010},
	journal = {Ultrasonics, Ferroelectrics and Frequency Control, IEEE Transactions on},
	number = {2},
	pages = {241--249},
	title = {Environmental sensitivities of quartz oscillators},
	volume = {39},
	year = {1992}
}

@inproceedings{ieee398289,
	author = {Vig, John R. and Fred L. Walls},
	booktitle = {Frequency Control Symposium, 1994. 48th., Proceedings of the 1994 IEEE International},
	doi = {10.1109/FREQ.1994.398289},
	pages = {506--523},
	title = {Fundamental limits on the frequency instabilities of quartz crystal oscillators},
	year = {1994}
}

@inbook{johannsman2007contacts,
	author = {Johannsmann, Diethelm},
	booktitle = {Piezoelectric Sensors},
	doi = {10.1007/5346_026},
	isbn = {978-3-540-36568-6},
	pages = {151--170},
	publisher = {Springer},
	title = {Studies of Contact Mechanics with the {QCM}},
	year = {2007}
}

@article{Vittorias2010489,
	author = {Vittorias, Ewa and Kappl, Michael and Butt, Hans-J{\"u}rgen and Johannsmann, Diethelm},
	doi = {10.1016/j.powtec.2010.06.011},
	issn = {0032-5910},
	journal = {Powder Technology},
	number = {3},
	pages = {489--502},
	title = {Studying mechanical microcontacts of fine particles with the quartz crystal microbalance},
	volume = {203},
	year = {2010}
}

@article{mecea2006quartz,
	author = {Mecea, VM},
	journal = {Sensors and Actuators A: Physical},
	number = {2},
	pages = {270--277},
	publisher = {Elsevier},
	title = {Is quartz crystal microbalance really a mass sensor?},
	volume = {128},
	year = {2006}
}

@article{yoshimoto2002effect,
	author = {Yoshimoto, Minoru and Kurosawa, Shigeru},
	journal = {Analytical Chemistry},
	number = {16},
	pages = {4306--4309},
	publisher = {ACS Publications},
	title = {Effect of immersion angle of a one-face sealed quartz crystal microbalance in liquid},
	volume = {74},
	year = {2002}
}

@inproceedings{ratajski1966force,
	author = {Ratajski, James M},
	booktitle = {20th Annual Symposium on Frequency Control. 1966},
	organization = {IEEE},
	pages = {33--49},
	title = {The force sensitivity of AT-cut quartz crystals},
	year = {1966}
}

@book{steinem2007piezoelectric,
	author = {Steinem, Claudia and Janshoff, Andreas and Cooper, Matthew A},
	publisher = {Springer},
	title = {Piezoelectric sensors},
	volume = {5},
	year = {2007}
}

@article{johannsmann2008viscoelastic,
	author = {Johannsmann, Diethelm},
	journal = {Physical Chemistry Chemical Physics},
	number = {31},
	pages = {4516--4534},
	publisher = {Royal Society of Chemistry},
	title = {Viscoelastic, mechanical, and dielectric measurements on complex samples with the quartz crystal microbalance},
	volume = {10},
	year = {2008}
}

@article{suda2001origin,
	author = {Suda, Hitoshi},
	journal = {Langmuir},
	number = {20},
	pages = {6045--6047},
	publisher = {ACS Publications},
	title = {Origin of friction derived from rupture dynamics},
	volume = {17},
	year = {2001}
}

@article{fisher1999force,
	author = {Fisher, Michael E and Kolomeisky, Anatoly B},
	journal = {Proceedings of the National Academy of Sciences},
	number = {12},
	pages = {6597--6602},
	publisher = {National Acad Sciences},
	title = {The force exerted by a molecular motor},
	volume = {96},
	year = {1999}
}

@article{felsenfeld1992chromatin,
	author = {Felsenfeld, Gary},
	journal = {Nature},
	pages = {219--224},
	title = {Chromatin as an essential part of the transcriptional mechanim},
	volume = {355},
	year = {1992}
}

@article{muchardt1999atp,
	author = {Muchardt, Christian and Yaniv, Moshe},
	journal = {Journal of Molecular Biology},
	number = {2},
	pages = {187--198},
	publisher = {Elsevier},
	title = {ATP-dependent chromatin remodelling: SWI/SNF and Co. are on the job},
	volume = {293},
	year = {1999}
}

@article{whitehouse1999nucleosome,
	author = {Whitehouse, Iestyn and Flaus, Andrew and Cairns, Bradley R and White, Malcolm F and Workman, Jerry L and Owen-Hughes, Tom},
	journal = {Nature},
	number = {6746},
	pages = {784--787},
	publisher = {Nature Publishing Group},
	title = {Nucleosome mobilization catalysed by the yeast SWI/SNF complex},
	volume = {400},
	year = {1999}
}

@article{becker1994chromatin,
	author = {Becker, Peter B and Tsukiyama, Toshio and Wu, Carl},
	journal = {Methods in cell biology},
	pages = {207--223},
	title = {Chromatin assembly extracts from Drosophila embryos},
	year = {1994}
}

@article{becker1992cell,
	author = {Becker, Peter B and Wu, C},
	journal = {Molecular and Cellular Biology},
	number = {5},
	pages = {2241--2249},
	publisher = {Am Soc Microbiol},
	title = {Cell-free system for assembly of transcriptionally repressed chromatin from Drosophila embryos},
	volume = {12},
	year = {1992}
}

@article{finch1976solenoidal,
	author = {Finch, JT and Klug, A},
	journal = {Proceedings of the National Academy of Sciences},
	number = {6},
	pages = {1897--1901},
	publisher = {National Acad Sciences},
	title = {Solenoidal model for superstructure in chromatin},
	volume = {73},
	year = {1976}
}

@article{van1996determines,
	author = {{Van Holde}, Kensal and Zlatanova, Jordanka},
	journal = {Proceedings of the National Academy of Sciences},
	number = {20},
	pages = {10548--10555},
	publisher = {National Acad Sciences},
	title = {What determines the folding of the chromatin fiber?},
	volume = {93},
	year = {1996}
}

@article{gao2004frictional,
	author = {Gao, Jianping and Luedtke, WD and Gourdon, D and Ruths, M and Israelachvili, JN and Landman, Uzi},
	journal = {The Journal of Physical Chemistry B},
	number = {11},
	pages = {3410--3425},
	publisher = {ACS Publications},
	title = {Frictional forces and Amontons' law: from the molecular to the macroscopic scale},
	volume = {108},
	year = {2004}
}

@article{tevet2011friction,
	author = {Tevet, Ofer and Von-Huth, Palle and Popovitz-Biro, Ronit and Rosentsveig, Rita and Wagner, H Daniel and Tenne, Reshef},
	journal = {Proceedings of the National Academy of Sciences},
	number = {50},
	pages = {19901--19906},
	publisher = {National Acad Sciences},
	title = {Friction mechanism of individual multilayered nanoparticles},
	volume = {108},
	year = {2011}
}

@article{merkel1989molecular,
	author = {Merkel, R and Sackmann, E and Evans, E},
	journal = {Journal de Physique},
	number = {12},
	pages = {1535--1555},
	publisher = {Soci{\'e}t{\'e} Fran\c{c}aise de Physique},
	title = {Molecular friction and epitactic coupling between monolayers in supported bilayers},
	volume = {50},
	year = {1989}
}

@article{tsortos2008shear,
	author = {Tsortos, Achilleas and Papadakis, George and Gizeli, Electra},
	journal = {Biosensors and Bioelectronics},
	number = {4},
	pages = {836--841},
	publisher = {Elsevier},
	title = {Shear acoustic wave biosensor for detecting {DNA} intrinsic viscosity and conformation: A study with {QCM-D}},
	volume = {24},
	year = {2008}
}

@article{arnau2008review,
	author = {Arnau, Antonio},
	journal = {Sensors},
	number = {1},
	pages = {370--411},
	publisher = {Molecular Diversity Preservation International},
	title = {A review of interface electronic systems for AT-cut quartz crystal microbalance applications in liquids},
	volume = {8},
	year = {2008}
}

@article{beeley2004all,
	author = {Beeley, JM and Mills, C and Hammond, PA and Glidle, A and Cooper, JM and Wang, L and Cumming, DRS},
	journal = {Sensors and Actuators B: Chemical},
	number = {1},
	pages = {31--36},
	publisher = {Elsevier},
	title = {All-digital interface ASIC for a {QCM}-based electronic nose},
	volume = {103},
	year = {2004}
}

@article{dybwad1985sensitive,
	author = {Dybwad, GL},
	journal = {Journal of Applied Physics},
	pages = {2789},
	title = {A sensitive new method for the determination of adhesive bonding between a particle and a substrate},
	volume = {58},
	year = {1985}
}

@article{fawcett2004evidence,
	author = {Fawcett, Newton C and Craven, Richard D and Zhang, Ping and Evans, Jeffrey A},
	journal = {Langmuir},
	number = {16},
	pages = {6651--6657},
	publisher = {ACS Publications},
	title = {Evidence for gravity's influence on molecules at a solid-solution interface},
	volume = {20},
	year = {2004}
}

@article{cooper2007survey,
	author = {Cooper, Matthew A and Singleton, Victoria T},
	journal = {Journal of Molecular Recognition},
	number = {3},
	pages = {154--184},
	publisher = {Wiley Online Library},
	title = {A survey of the 2001 to 2005 quartz crystal microbalance biosensor literature: applications of acoustic physics to the analysis of biomolecular interactions},
	volume = {20},
	year = {2007}
}

@article{wang1997stretching,
	author = {Wang, Michelle D and Yin, Hong and Landick, Robert and Gelles, Jeff and Block, Steven M},
	journal = {Biophysical Journal},
	number = {3},
	pages = {1335--1346},
	publisher = {Elsevier},
	title = {Stretching {DNA} with optical tweezers},
	volume = {72},
	year = {1997}
}

@article{ingber2003tensegrity,
	author = {Ingber, Donald E},
	journal = {Journal of Cell Science},
	number = {8},
	pages = {1397--1408},
	publisher = {The Company of Biologists Ltd},
	title = {Tensegrity II. How structural networks influence cellular information processing networks},
	volume = {116},
	year = {2003}
}

@article{sauerbrey1959verwendung,
	author = {Sauerbrey, G{\"u}nter},
	journal = {Zeitschrift f{\"u}r Physik},
	number = {2},
	pages = {206--222},
	publisher = {Springer},
	title = {Verwendung von {S}chwingquarzen zur {W}{\"a}gung d{\"u}nner {S}chichten und zur {M}ikrow{\"a}gung},
	volume = {155},
	year = {1959}
}

@article{kanazawa1985frequency,
	author = {Kanazawa, K. Keiji and Gordon, Joseph G.},
	doi = {10.1021/ac00285a062},
	journal = {Analytical Chemistry},
	number = {8},
	pages = {1770--1771},
	title = {Frequency of a quartz microbalance in contact with liquid},
	volume = {57},
	year = {1985}
}

@article{marx2003quartz,
	author = {Marx, Kenneth A},
	journal = {Biomacromolecules},
	number = {5},
	pages = {1099--1120},
	publisher = {ACS Publications},
	title = {Quartz crystal microbalance: a useful tool for studying thin polymer films and complex biomolecular systems at the solution-surface interface},
	volume = {4},
	year = {2003}
}

@article{borovsky2001measuring,
	author = {Borovsky, B and Krim, J and {Syed Asif}, SA and Wahl, KJ},
	journal = {Journal of Applied Physics},
	number = {12},
	pages = {6391--6396},
	publisher = {AIP},
	title = {Measuring nanomechanical properties of a dynamic contact using an indenter probe and quartz crystal microbalance},
	volume = {90},
	year = {2001}
}

@article{marko1995stretching,
	author = {Marko, John F and Siggia, Eric D},
	journal = {Macromolecules},
	number = {26},
	pages = {8759--8770},
	publisher = {ACS Publications},
	title = {Stretching {DNA}},
	volume = {28},
	year = {1995}
}

@article{cui2000pulling,
	author = {Cui, Yujia and Bustamante, Carlos},
	journal = {Proceedings of the National Academy of Sciences},
	number = {1},
	pages = {127--132},
	publisher = {National Acad Sciences},
	title = {Pulling a single chromatin fiber reveals the forces that maintain its higher-order structure},
	volume = {97},
	year = {2000}
}

@article{bormuth2009protein,
	author = {Bormuth, Volker and Varga, Vladimir and Howard, Jonathon and Sch{\"a}ffer, Erik},
	journal = {Science},
	number = {5942},
	pages = {870--873},
	publisher = {American Association for the Advancement of Science},
	title = {Protein friction limits diffusive and directed movements of kinesin motors on microtubules},
	volume = {325},
	year = {2009}
}

@article{asbury2003kinesin,
	author = {Asbury, Charles L and Fehr, Adrian N and Block, Steven M},
	journal = {Science},
	number = {5653},
	pages = {2130--2134},
	publisher = {American Association for the Advancement of Science},
	title = {Kinesin moves by an asymmetric hand-over-hand mechanism},
	volume = {302},
	year = {2003}
}

@article{tolman1911electromotive,
	author = {Tolman, Richard C},
	journal = {Journal of the American Chemical Society},
	number = {2},
	pages = {121--147},
	publisher = {ACS Publications},
	title = {THE ELECTROMOTIVE FORCE PRODUCED IN SOLUTIONS BY CENTRIFUGAL ACTION.},
	volume = {33},
	year = {1911}
}

@article{coffey2001scanning,
	author = {Coffey, T and Abdelmaksoud, M and Krim, J},
	journal = {Journal of Physics: Condensed Matter},
	number = {21},
	pages = {4991},
	publisher = {IOP Publishing},
	title = {A scanning probe and quartz crystal microbalance study of the impact of C60 on friction at solid-liquid interfaces},
	volume = {13},
	year = {2001}
}

@article{nivens1993long,
	author = {Nivens, David E and Chambers, James Q and Anderson, Tina R and White, David C},
	journal = {Analytical Chemistry},
	number = {1},
	pages = {65--69},
	publisher = {ACS Publications},
	title = {Long-term, on-line monitoring of microbial biofilms using a quartz crystal microbalance},
	volume = {65},
	year = {1993}
}

@article{krim1991nanotribology,
	author = {Krim, J and Solina, DH and Chiarello, R},
	journal = {Physical Review Letters},
	number = {2},
	pages = {181--184},
	title = {Nanotribology of a Kr monolayer: A quartz-crystal microbalance study of atomic-scale friction},
	volume = {66},
	year = {1991}
}

@article{olsson2012probing,
	author = {Olsson, Adam LJ and van der Mei, Henny C and Johannsmann, Diethelm and Busscher, Henk J and Sharma, Prashant K},
	journal = {Analytical Chemistry},
	number = {10},
	pages = {4504--4512},
	publisher = {ACS Publications},
	title = {Probing Colloid--Substratum Contact Stiffness by Acoustic Sensing in a Liquid Phase},
	volume = {84},
	year = {2012}
}

@article{zheng2004electronic,
	author = {Zheng, Lifeng and Brody, James P and Burke, Peter J},
	journal = {Biosensors and Bioelectronics},
	number = {3},
	pages = {606--619},
	publisher = {Elsevier},
	title = {Electronic manipulation of {DNA}, proteins, and nanoparticles for potential circuit assembly},
	volume = {20},
	year = {2004}
}

@article{larson2012trigger,
	author = {Larson, Matthew H and Zhou, Jing and Kaplan, Craig D and Palangat, Murali and Kornberg, Roger D and Landick, Robert and Block, Steven M},
	journal = {Proceedings of the National Academy of Sciences},
	number = {17},
	pages = {6555--6560},
	publisher = {National Acad Sciences},
	title = {Trigger loop dynamics mediate the balance between the transcriptional fidelity and speed of {RNA} polymerase {II}},
	volume = {109},
	year = {2012}
}

@article{friedewald1972estimation,
	author = {Friedewald, William T and Levy, Robert I and Fredrickson, Donald S},
	journal = {Clinical Chemistry},
	number = {6},
	pages = {499--502},
	publisher = {Am Assoc Clin Chem},
	title = {Estimation of the concentration of low-density lipoprotein cholesterol in plasma, without use of the preparative ultracentrifuge},
	volume = {18},
	year = {1972}
}

@article{cooper2001direct,
	author = {Cooper, Matthew A and Dultsev, Fedor N and Minson, Tony and Ostanin, Victor P and Abell, Chris and Klenerman, David},
	journal = {Nature Biotechnology},
	number = {9},
	pages = {833--837},
	publisher = {Nature Publishing Group},
	title = {Direct and sensitive detection of a human virus by rupture event scanning},
	volume = {19},
	year = {2001}
}

@article{arlett2011comparative,
	author = {Arlett, JL and Myers, EB and Roukes, ML},
	journal = {Nature Nanotechnology},
	number = {4},
	pages = {203--215},
	publisher = {Nature Publishing Group},
	title = {Comparative advantages of mechanical biosensors},
	volume = {6},
	year = {2011}
}

@article{fant2000adsorption,
	author = {Fant, Camilla and Sott, Kristin and Elwing, Hans and Hook, Fredrik},
	journal = {Biofouling},
	number = {2-4},
	pages = {119--132},
	publisher = {Taylor \& Francis},
	title = {Adsorption behavior and enzymatically or chemically induced cross-linking of a mussel adhesive protein},
	volume = {16},
	year = {2000}
}

@book{srsqcm200manual,
	author = {Systems, Stanford Research},
	title = {{QCM200} quartz crystal microbalance digital controller: operation and service manual},
	year = {2004}
}

@article{filler1988acceleration,
	author = {Filler, Raymond L},
	journal = {Ultrasonics, Ferroelectrics and Frequency Control, IEEE Transactions on},
	number = {3},
	pages = {297--305},
	publisher = {IEEE},
	title = {The acceleration sensitivity of quartz crystal oscillators: a review},
	volume = {35},
	year = {1988}
}

@inproceedings{valdois2794influence,
	author = {Valdois, M. and Besson, J. and Gagnepain, J.-J.},
	booktitle = {28th Annual Symposium on Frequency Control. 1974},
	doi = {10.1109/FREQ.1974.199998},
	pages = {19--32},
	title = {Influence of Environment Conditions on a Quartz Resonator},
	year = {1974}
}

@article{pomorska2010positive,
	author = {Pomorska, Agata and Shchukin, Dmitry and Hammond, Richard and Cooper, Matthew A and Grundmeier, Guido and Johannsmann, Diethelm},
	journal = {Analytical Chemistry},
	number = {6},
	pages = {2237--2242},
	publisher = {ACS Publications},
	title = {Positive frequency shifts observed upon adsorbing micron-sized solid objects to a quartz crystal microbalance from the liquid phase},
	volume = {82},
	year = {2010}
}

@article{richter2003pathways,
	author = {Richter, Ralf and Mukhopadhyay, Anneke and Brisson, Alain},
	journal = {Biophysical Journal},
	number = {5},
	pages = {3035--3047},
	publisher = {Elsevier},
	title = {Pathways of lipid vesicle deposition on solid surfaces: a combined {QCM-D} and {AFM} study},
	volume = {85},
	year = {2003}
}

@article{des1893unpolarisirbare,
	author = {{Des Coudres}, Th.},
	journal = {Annalen der Physik},
	number = {6},
	pages = {284--294},
	publisher = {Wiley Online Library},
	title = {Unpolarisirbare electrolytische {Z}ellen unter dem {E}influsse der {C}entrifugalkraft},
	volume = {285},
	year = {1893}
}

@article{encarnaccao2007influence,
	author = {Encarna\c{c}ao, Joao M and Stallinga, Peter and Ferreira, Guilherme NM},
	journal = {Biosensors and Bioelectronics},
	number = {7},
	pages = {1351--1358},
	publisher = {Elsevier},
	title = {Influence of electrolytes in the {QCM} response: Discrimination and quantification of the interference to correct microgravimetric data},
	volume = {22},
	year = {2007}
}

@incollection{tomala2013bridging,
	author = {Tomala, Agnieszka and G{\"o}\c{c}erler, Hakan and Gebeshuber, Ille C},
	booktitle = {Scanning Probe Microscopy in Nanoscience and Nanotechnology 3},
	pages = {431--483},
	publisher = {Springer},
	title = {Bridging Nano-and Microtribology in Mechanical and Biomolecular Layers},
	year = {2013}
}

@article{lin1995role,
	author = {Lin, Zuxuan and Ward, Michael D},
	journal = {Analytical Chemistry},
	number = {4},
	pages = {685--693},
	publisher = {ACS Publications},
	title = {The role of longitudinal waves in quartz crystal microbalance applications in liquids},
	volume = {67},
	year = {1995}
}

@article{yoshimoto2006characteristics,
	author = {Yoshimoto, Minoru and Tokimura, Shin and Kurosawa, Shigeru},
	journal = {Analyst},
	number = {10},
	pages = {1175--1182},
	publisher = {Royal Society of Chemistry},
	title = {Characteristics of the series resonant-frequency shift of a quartz crystal microbalance in electrolyte solutions},
	volume = {131},
	year = {2006}
}

@article{zhang2002insulating,
	author = {Zhang, Y. and Austin, R. H. and Kraeft, J. and Cox, E. C. and Ong, N. P.},
	doi = {10.1103/PhysRevLett.89.198102},
	issue = {19},
	journal = {Physical Review Letters},
	month = {Oct},
	numpages = {4},
	pages = {198102},
	publisher = {American Physical Society},
	title = {Insulating Behavior of $\lambda$-{DNA} on the Micron Scale},
	volume = {89},
	year = {2002}
}

@article{yeri2009mutation,
	author = {Yeri, Ashish S and Gao, Lizeng and Gao, Di},
	journal = {The Journal of Physical Chemistry B},
	number = {2},
	pages = {1064--1068},
	publisher = {ACS Publications},
	title = {Mutation screening based on the mechanical properties of {DNA} molecules tethered to a solid surface},
	volume = {114},
	year = {2009}
}

@article{olsson2013using,
  title={Using the Quartz Crystal Microbalance with Dissipation Monitoring to Evaluate the Size of Nanoparticles Deposited on Surfaces},
  author={Olsson, Adam LJ and Quevedo, Ivan R and He, Danqing and Basnet, Mohan and Tufenkji, Nathalie},
  journal={ACS Nano},
  volume={7},
  number={9},
  pages={7833--7843},
  year={2013},
  publisher={ACS Publications}
}

@article{dimitriadis2002determination,
  title={Determination of elastic moduli of thin layers of soft material using the atomic force microscope},
  author={Dimitriadis, Emilios K and Horkay, Ferenc and Maresca, Julia and Kachar, Bechara and Chadwick, Richard S},
  journal={Biophysical Journal},
  volume={82},
  number={5},
  pages={2798--2810},
  year={2002},
  publisher={Elsevier}
}

@article{flanigan2000contact,
  title={Contact mechanics studies with the quartz crystal microbalance},
  author={Flanigan, Cynthia M and Desai, Manishi and Shull, Kenneth R},
  journal={Langmuir},
  volume={16},
  number={25},
  pages={9825--9829},
  year={2000},
  publisher={ACS Publications}
}

@article{kumacheva1998interfacial,
  title={Interfacial friction measurement in surface force apparatus},
  author={Kumacheva, E},
  journal={Progress in Surface Science},
  volume={58},
  number={2},
  pages={75--120},
  year={1998},
  publisher={Elsevier}
}

@article{sharma1992factors,
  title={Factors controlling the hydrodynamic detachment of particles from surfaces},
  author={Sharma, Mukul M and Chamoun, Habib and Sarma, DSH and Schechter, Robert S},
  journal={Journal of Colloid and Interface Science},
  volume={149},
  number={1},
  pages={121--134},
  year={1992},
  publisher={Elsevier}
}

@book{israelachvili2011intermolecular,
  title={Intermolecular and surface forces: revised third edition},
  author={Israelachvili, Jacob N},
  year={2011},
  publisher={Academic Press}
}

@article{flicker1993quantifying,
  title={Quantifying double-layer repulsion between a colloidal sphere and a glass plate using total internal reflection microscopy},
  author={Flicker, Scott G and Tipa, Jennifer L and Bike, Stacy G},
  journal={Journal of Colloid and Interface Science},
  volume={158},
  number={2},
  pages={317--325},
  year={1993},
  publisher={Elsevier}
}

@article{shan2009measuring,
  title={Measuring surface charge density and particle height using surface plasmon resonance technique},
  author={Shan, Xiaonan and Huang, Xinping and Foley, Kyle J and Zhang, Peiming and Chen, Kangping and Wang, Shaopeng and Tao, Nongjian},
  journal={Analytical Chemistry},
  volume={82},
  number={1},
  pages={234--240},
  year={2009},
  publisher={ACS Publications}
}

@article{alexander1987hydrodynamic,
  title={A hydrodynamic technique for measurement of colloidal forces},
  author={Alexander, Barbara M and Prieve, Dennis C},
  journal={Langmuir},
  volume={3},
  number={5},
  pages={788--795},
  year={1987},
  publisher={ACS Publications}
}

@article{biggs1994measurement,
  title={Measurement of the forces between gold surfaces in water by atomic force microscopy},
  author={Biggs, Simon and Mulvaney, Paul},
  journal={The Journal of Chemical Physics},
  volume={100},
  number={11},
  pages={8501--8505},
  year={1994},
  publisher={AIP Publishing}
}

@article{sips1950mechanical,
  title={Mechanical behavior of viscoelastic substances},
  author={Sips, Robert},
  journal={Journal of Polymer Science},
  volume={5},
  number={1},
  pages={69--89},
  year={1950},
  publisher={Wiley Online Library}
}

@article{li2008thickness,
  title={Thickness shear mode acoustic wave sensors for characterizing the viscoelastic properties of cell monolayer},
  author={Li, Fang and Wang, James H-C and Wang, Qing-Ming},
  journal={Sensors and Actuators B: Chemical},
  volume={128},
  number={2},
  pages={399--406},
  year={2008},
  publisher={Elsevier}
}

@article{li2011surface,
  title={Surface-grafted, covalently cross-linked hydrogel brushes with tunable interfacial and bulk properties},
  author={Li, Ang and Benetti, Edmondo M and Tranchida, Davide and Clasohm, Jarred N and Sch{\"o}nherr, Holger and Spencer, Nicholas D},
  journal={Macromolecules},
  volume={44},
  number={13},
  pages={5344--5351},
  year={2011},
  publisher={ACS Publications}
}

@article{patra2009viscoelastic,
  title={Viscoelastic response of photo-cross-linked poly (N-isopropylacrylamide) coatings by {QCM-D}},
  author={Patra, Leena and Toomey, Ryan},
  journal={Langmuir},
  volume={26},
  number={7},
  pages={5202--5207},
  year={2009},
  publisher={ACS Publications}
}

@article{zamiri2009modeling,
  title={Modeling the mechanical response of tetragonal lysozyme crystals},
  author={Zamiri, Amir and De, Suvranu},
  journal={Langmuir},
  volume={26},
  number={6},
  pages={4251--4257},
  year={2009},
  publisher={ACS Publications}
}

@article{rebelo2013comparison,
  title={Comparison of the viscoelastic properties of cells from different kidney cancer phenotypes measured with atomic force microscopy},
  author={Rebelo, LM and de Sousa, JS and Mendes Filho, J and Radmacher, M},
  journal={Nanotechnology},
  volume={24},
  number={5},
  pages={055102},
  year={2013},
  publisher={IOP Publishing}
}

@article{meyers2008biological,
  title={Biological materials: structure and mechanical properties},
  author={Meyers, Marc Andr{\'e} and Chen, Po-Yu and Lin, Albert Yu-Min and Seki, Yasuaki},
  journal={Progress in Materials Science},
  volume={53},
  number={1},
  pages={1--206},
  year={2008},
  publisher={Elsevier}
}

@inproceedings{jasak2007openfoam,
  title={OpenFOAM: A C++ library for complex physics simulations},
  author={Jasak, Hrvoje and Jemcov, Aleksandar and Tukovic, Zeljko},
  booktitle={International workshop on coupled methods in numerical dynamics},
  pages={1--20},
  year={2007}
}

@article{palacios2013stanford,
  title={Stanford University Unstructured (SU2): An open-source integrated computational environment for multi-physics simulation and design},
  author={Palacios, Francisco and Colonno, Michael R and Aranake, Aniket C and Campos, Alejandro and Copeland, Sean R and Economon, Thomas D and Lonkar, Amrita K and Lukaczyk, Trent W and Taylor, Thomas WR and Alonso, Juan J},
  journal={AIAA Paper},
  volume={287},
  pages={2013},
  year={2013}
}

@article{multiphysics1994comsol,
  title={Comsol},
  author={Multiphysics, COMSOL},
  journal={Inc., Burlington, MA, \url{http://www.comsol.com}},
  year={1994}
}

@book{nalwa1999handbook,
  title={Handbook of Nanostructured Materials and Nanotechnology, Five-Volume Set},
  author={Nalwa, Hari Singh},
  volume={3},
  year={1999},
  publisher={Academic Press}
}

@article{martin1991characterization,
  title={Characterization of a quartz crystal microbalance with simultaneous mass and liquid loading},
  author={Martin, Stephen J and Granstaff, Victoria Edwards and Frye, Gregory C},
  journal={Analytical Chemistry},
  volume={63},
  number={20},
  pages={2272--2281},
  year={1991},
  publisher={ACS Publications}
}

@article{arnau2002circuit,
  title={Circuit for continuous motional series resonant frequency and motional resistance monitoring of quartz crystal resonators by parallel capacitance compensation},
  author={Arnau, A and Sogorb, T and Jim{\'e}nez, Y},
  journal={Review of Scientific Instruments},
  volume={73},
  number={7},
  pages={2724--2737},
  year={2002},
  publisher={AIP Publishing}
}

@article{gottschling2000detection,
  title={Detection Of Biological Warefare Agents },
  author={Gottschling, Daniel E and Grober, Robert D and Sailor, Michael},
  year={2000},
  publisher={Citeseer}
}

@article{snellings2001response,
  title={Response of a thickness-shear-mode acoustic wave sensor to the adsorption of lipoprotein particles},
  author={Snellings, Shannon L and Fuller, Jason and Paul, David W},
  journal={Langmuir},
  volume={17},
  number={8},
  pages={2521--2527},
  year={2001},
  publisher={ACS Publications}
}

@article{hussain2005ots,
  title={OTS adsorption: A dynamic {QCM} study},
  author={Hussain, Yazan and Krim, Jacqueline and Grant, Christine},
  journal={Colloids and Surfaces A: Physicochemical and Engineering Aspects},
  volume={262},
  number={1},
  pages={81--86},
  year={2005},
  publisher={Elsevier}
}

@article{su2005comparison,
  title={Comparison of surface plasmon resonance spectroscopy and quartz crystal microbalance techniques for studying {DNA} assembly and hybridization},
  author={Su, Xiaodi and Wu, Ying-Ju and Knoll, Wolfgang},
  journal={Biosensors and Bioelectronics},
  volume={21},
  number={5},
  pages={719--726},
  year={2005},
  publisher={Elsevier}
}

@article{peh2007understanding,
  title={Understanding Ligand Binding Effects on the Conformation of Estrogen Receptor $\alpha$-{DNA} Complexes: A Combinational Quartz Crystal Microbalance with Dissipation and Surface Plasmon Resonance Study},
  author={Peh, Wendy YX and Reimhult, Erik and Teh, Huey Fang and Thomsen, Jane S and Su, Xiaodi},
  journal={Biophysical Journal},
  volume={92},
  number={12},
  pages={4415--4423},
  year={2007},
  publisher={Elsevier}
}

@article{geelhood2002transient,
  title={Transient quartz crystal microbalance behaviors compared},
  author={Geelhood, SJ and Frank, CW and Kanazawa, K},
  journal={Journal of the Electrochemical Society},
  volume={149},
  number={1},
  pages={H33--H38},
  year={2002},
  publisher={The Electrochemical Society}
}

@article{du2008role,
  title={On the role of capillary instabilities in the sandcastle effect},
  author={Du, Binyang and K{\"o}nig, Alexander Martin and Johannsmann, Diethelm},
  journal={New Journal of Physics},
  volume={10},
  number={5},
  pages={053014},
  year={2008},
  publisher={IOP Publishing}
}
